<record xmlns="http://www.loc.gov/MARC21/slim" xmlns:xsi="http://www.w3.org/2001/XMLSchema-instance" xsi:schemaLocation="http://www.loc.gov/MARC21/slim http://www.loc.gov/standards/marcxml/schema/MARC21slim.xsd">

  <leader>00440nam a2200145Ia 4500</leader>
  <datafield ind2=" " ind1=" " tag="090">
    <subfield code="a">CD #12</subfield>
  </datafield>
  <datafield ind1=" " tag="110" ind2=" ">
    <subfield code="a">Pontificia Universidad Cat칩lica de Chile</subfield>
  </datafield>
  <datafield ind1=" " tag="245" ind2=" ">
    <subfield code="a">Software Educativo e informaci칩n institucional [disco compacto]</subfield>
  </datafield>
  <datafield ind1=" " tag="260" ind2=" ">
    <subfield code="a">Santiago, Chile : </subfield>
    <subfield code="b">La Universidad, </subfield>
    <subfield code="c"/>
  </datafield>
  <datafield ind2=" " ind1=" " tag="300">
    <subfield code="a">12 cm de di치metro</subfield>
  </datafield>
  <datafield ind2=" " tag="500" ind1=" ">
    <subfield code="a">El centro posee edici칩n 1997 y 1999</subfield>
  </datafield>
  <datafield ind1=" " tag="650" ind2=" ">
    <subfield code="a">SOFTWARE EDUCATIVO</subfield>
  </datafield>
  <datafield ind1=" " tag="942" ind2=" ">
    <subfield code="p">001398 </subfield>
  </datafield>
  <datafield tag="942" ind1=" " ind2=" ">
    <subfield code="p">001399</subfield>
  </datafield>
  <datafield tag="999" ind1=" " ind2=" ">
    <subfield code="c">2439</subfield>
    <subfield code="d">2439</subfield>
  </datafield>
</record>